@book{legalandsocial,
	editor = "Završnik, Aleš",
	title = "Drones and Unmanned Aerial Systems",
	publisher = "Springer International Publishing",
	year = "2016"
}

@article{dronewars,
	author = "Sarah Kreps and Micah Zenko",
	title = "The Next Drone Wars; Peparing for Proliferation",
	month = mar,
	year = "2014"
}
