@book{legalandsocial,
	editor = "Aleš Završnik",
	title = "Drones and Unmanned Aerial Systems",
	publisher = "Springer International Publishing",
	year = "2016"
}

@article{dronewars,
	author = "Sarah Kreps and Micah Zenko",
	title = "The Next Drone Wars; Peparing for Proliferation",
	month = mar,
	year = "2014"
}

@article{udmhtgioa,
	author = "Miranda Green",
	title = "Unmanned Drones May Have Their Greatest Impact on Agriculture",
	month = mar,
	year = "2013"
}

@article{medizdroids,
	author = "John-Thones Amenyo, Daniel Phelps, Olajide Oladipo, Folly Sewovoe-Ekuoe, Sangeeta Jadoonanan, Sandeep Jadoonanan, Tahseen Tabassum, Salim Gnabode, Tanging D Sherpa, Michael Falzone, Abrar Hossain and Aerren Kublal",
	title = "MedizDroids Project: Ultra-low cost, low-altitude, affordable and sustainable UAV multicopter drones for mosquito vector control in malaria disease management",
	month = oct,
	year = "2014"
}

@article{mosdwsd,
	author = "F. Aznar, M. Sempere, M. Pujol, R. Rizo and M. J. Pujol",
	title = "Modelling Oil-Spill Detection with Swarm Drones",
	journal = "Abstract and Applied Analysis",
	month = mar,
	year = "2014"
}

@article{mfehorase,
	author = "Maja J Mataric, Nathan Koenig and David Feil-Seifer",
	title = "Materials for Enabling Hands-On Robotics and STEM Education",
	month = mar,
	year = "2007"
}

@article{pbaittoad,
	author = "Winterfeldt, Götz and Christina Hahne",
	title = "Controlling quad-copters a project-based approach in the teaching of application design.",
	month = apr,
	year = "2014"
}
% STOPPED HERE. ADD JOURNAL OR NOTE FOR ABOVE

@inproceedings{iacosq,
	author = "Ekrem Bilgehan Uyar, İsmail Uyanık and Ömer Morgül",
	title = "Implementation and Control of an Open Source Quadrotor Platform",
	note = "GRC 2013, Bilkent University",
	month = dec,
	year = "2013"
}

@inproceedings{chpboie,
	author = "Pedretti, Davide and Bellato, Marco and Bortolato, Damiano and Gelain, Fabio and Giacchini, Mauro and Isocrate, Roberto and Marcato, Davide and Montis, Maurizio and Pavinato, Stefano and Vásquez, Jesus",
	title = "Custom Hardware Platform Based on Intel Edison Module",
	booktitle = "Proceedings, 15th International Conference on Accelerator and Large Experimental Physics Control Systems (ICALEPCS 2015): Melbourne, Australia, October 17-23, 2015",
	year = "2015",
	url = "http://inspirehep.net/record/1481633/files/wem307.pdf",
	pages = "WEM307",
	doi = "10.18429/JACoW-ICALEPCS2015-WEM307",
	SLACcitation = "%%CITATION = INSPIRE-1481633;%%"
}

@article{macoq,
	author = "Teppo Luukkonen",
	title = "Modelling and control of quadcopter",
	note = "Aalto University, Independent research project in applied mathematics",
	month = aug,
	year = "2011"
}

@online{mshcsf,
	author = "Michael Leachman, Nick Albares, Kathleen Masterson and Marlana Wallace",
	title = "Most States Have Cut School Funding, and Some Continue Cutting",
	url = "http://www.cbpp.org/research/state-budget-and-tax/most-states-have-cut-school-funding-andsome-continue-cutting",
	month = jan,
	year = "2016"
}

@unpublished{frs,
	author = "Musa Jamaluddin",
	title = "Flying Robot Surveyor (To Build FRS Hardware and Remote Control Design with IP	Camera)",
	note = "Universiti Kuala Lumpur, Institutional Repository",
	month = may,
	year = "2013"
}

@article{mponch,
	author = "Yoshitsugu Kojima, Arimitsu Usuki, Masaya Kawasumi, Akane Okada, Yoshiaki Fukushima, Toshio Kurauchi and Osami Kamigaito",
	title = "Mechanical properties of nylon 6-clay hybrid",
	journal = "Journal of Materials Research",
	volume = 8,
	month = may,
	year = "1993"
}

@online{sphere,
	author = "Miwa Suzuki",
	title = "Japanese inventor develops flying sphere drone",
	url = "http://phys.org/news/2011-08-japanese-inventor-sphere-drone.html",
	month = aug,
	year = "2015"
}

@article{saseocsoc,
	author = "J.R. del Viso, J.R. Carmona, G. Ruiz, de Ingenieros de Caminos and Canales y Puertos, ",
	title = "Shape and size effects on the compressive strength of high-strength concrete",
	journal = "6th International Conference on Fracture Mechanics of Concrete and Concrete Structures",
	month = nov,
	year = "2007"
}

@article{acoafddf,
	author = "Kenneth W. Mort and Paul F. Yaggy",
	title = "Aerodynamic characteristics of a 4-foot-diameter ducted fan mounted on the tip of a semispan wing",
	month = apr,
	year = "1962"
}

@article{
	author = "Merchant, Monal P., and L. Scott Miller",
	title = "Propeller performance measurement for low Reynolds number UAV applications",
	journal = "49\textsuperscript{th} AIAA ASM"
	month = jan,
	year = "2011"
}
